@book{MathematicalMethodsForFinancialMarkets,
    author = {Monique Jeanblanc , Marc Yor , Marc Chesney},
    year = {2009},
    title = {Mathematical methods for financial markets},
    Publisher = {Springer}, 
}

@book{RealAnalysisMeasureTheoryIntegrationandHilbertSpaces,
    author = {Elias M. Stein and Rami Shakarchi},
    year = {2005},
    title = {Real Analysis: Measure Theory, Integration, and Hilbert Spaces},
    Publisher = {Princeton University Press}, 
}

@book{AnIntroductiontoHilbertSpace,
    author = {N. Young},
    year = {1988},
    title = {An Introduction to Hilbert Space},
    Publisher = {Cambridge University Press}, 
}

@book{ProbabilityTheorywithApplications,
    author = {M. M. Rao , R. J. Swift},
    year = {2006},
    title = {Probability Theory with Applications},
    Publisher = {Springer}, 
}

@book{TheMalliavinCalculusandRelatedTopics,
    author = {David Nualart},
    year = {2006},
    title = {The Malliavin Calculus and Related Topics},
    Publisher = {Springer}, 
}

@book{IntroductiontoMalliavinCalculus,
    author = {David Nualart, Eulalia Nualart},
    year = {2018},
    title = {Introduction to Malliavin Calculus},
    Publisher = {Cambridge University Press}, 
}


@book{S,
    author = {Bernt Ã˜ksendal},
    year = {2003},
    title = {Stochastic Differential Equations},
    Publisher = {Springer}, 
}
